NAME:    Journal_Long_Name.bib
ABOUT:   This file converts journal abbreviations into the full name of the journal.
                   This file is alphabetized by abbreviation.
USAGE:   Copy and paste the text below to the top section of your bib file.
UPDATED: May 5, 2015 by P.J. Lestrange

@string{ AC = "Angewandte Chemie" }
@string{ AM = "Advanced Materials" }
@string{ AP = "Annals of Physics" }
@string{ ACP = "Advances in Chemical Physics" }
@string{ ACR = "Accounts of Chemical Research" }
@string{ ADP = "Annalen der Physik Leipzig" }
@string{ AFM = "Advanced Functional Materials" }
@string{ AJL = "Australian Journal of Chemistry" }
@string{ AMR = "Advances in Magnetic Resonance" }
@string{ APL = "Applied Physics Letters" }
@string{ AQC = "Advances in Quantum Chemistry" }
@string{ ACIE = "Angewandte Chemie International Edition" }
@string{ ACSC = "Acta Crystallograhica Section C--Crystal Structure Communications" }
@string{ ACSN = "ACS Nano" }
@string{ APLM = "APL Materials" }
@string{ ARPC = "Annual Review of Physical Chemistry" }
@string{ APAMSP = "Applied Physics A-Materials Science \& Processing" }
@string{ BC = "Biochemistry" }
@string{ BJ = "Biophysical Journal" }
@string{ BP = "Biopolymers" }
@string{ BBA = "Biochimica et Biophysica Acta" }
@string{ CC = "Chemical Communications" }
@string{ CL = "Chemistry Letters" }
@string{ CM = "Chemistry of Materials" }
@string{ CP = "Chemical Physics" }
@string{ CR = "Chemical Reviews" }
@string{ CCL = "Chinese Chemical Letters" }
@string{ CCR = "Coordination Chemistry Reviews" }
@string{ CEJ = "Chemistry - A European Journal" }
@string{ CJC = "Chinese Journal of Chemistry" }
@string{ CPC = "Computer Physics Communications" }
@string{ CPL = "Chemical Physics Letters" }
@string{ CSR = "Chemical Society Reviews" }
@string{ CHPHCH = "ChemPhysChem" }
@string{ COSSMS = "Current Opinions in Solid State and Materials Science" }
@string{ DT = "Dalton Transactions" }
@string{ EES = "Energy \& Environmental Science" }
@string{ EPL = "Europhysics Letters" }
@string{ EPJD = "European Physical Journal D" }
@string{ FD = "Faraday Discussions" }
@string{ IC = "Inorganic Chemistry" }
@string{ IJC = "Israel Journal of Chemistry" }
@string{ IJQC = "International Journal of Quantum Chemistry" }
@string{ IRPC = "International Reviews in Physical Chemistry" }
@string{ IEEEJSTQ = "IEEE Journal of Selected Topics in Quantum Electronics" }
@string{ JL = "Journal of Luminescence" }
@string{ JAP = "Journal of Applied Physics" }
@string{ JCC = "Journal of Computational Chemistry" }
@string{ JCE = "Journal of Chemical Education" }
@string{ JCP = "Journal of Chemical Physics" }
@string{ JEC = "Journal Electroanalytical Chemistry" }
@string{ JEM = "Journal of Electronic Materials" }
@string{ JMB = "Journal of Molecular Biology" }
@string{ JMC = "Journal of Materials Chemistry" }
@string{ JML = "Journal of Molecular Liquids" }
@string{ JMP = "Journal of Mathematical Physics" }
@string{ JMS = "Journal of Molecular Structure" }
@string{ JNN = "Journal of Nanoscience and Nanotechnology" }
@string{ JOC = "Journal of Organic Chemistry" }
@string{ JPB = "Journal of Physics B" }
@string{ JPC = "Journal of Physical Chemistry" }
@string{ JRS = "Journal of Raman Spectroscopy" }
@string{ JSM = "Journal of Soviet Mathematics" }
@string{ JACS = "Journal of the American Chemical Society" }
@string{ JBIC = "Journal of Biological Inorganic Chemistry" }
@string{ JCGS = "Journal of Computational and Graphical Statistics"}
@string{ JCoP = "Journal of Computational Physics" }
@string{ JCTC = "Journal of Chemical Theory and Computation" }
@string{ JKPS = "Journal of the Korean Physical Society" }
@string{ JMMM = "Journal of Magnetism and Magnetic Materials" }
@string{ JNCS = "Journal of Non-Crystalline Solids" }
@string{ JPCA = "Journal of Physical Chemistry A" }
@string{ JPCB = "Journal of Physical Chemistry B" }
@string{ JPCC = "Journal of Physical Chemistry C" }
@string{ JPCL = "Journal of Physical Chemistry Letters" }
@string{ JPCM = "Journal of Physics--Condensed Matter" }
@string{ JPOC = "Journal of Physical Organic Chemistry" }
@string{ JPPA = "Journal of Photochemistry and Photobiology" }
@string{ JPSB = "Journal of Polymer Science Part B: Polymer Physics" }
@string{ JPSJ = "Journal of the Physical Society of Japan" }
@string{ JSSC = "Journal of Solid State Chemistry" }
@string{ JAIDS = "Journal of Acquired Immune Deficiency Syndromes" }
@string{ JASMS = "Journal of the American Society for Mass Spectrometry" }
@string{ JIPMC = "Journal of Inclusion Phenomena and Macrocyclic Chemistry" }
@string{ JMatS = "Journal of Material Science" }
@string{ JMEDC = "Journal of Medicinal Chemistry" }
@string{ JOSAB = "Journal of the Optical Society of America B--Optical Physics" }
@string{ JPCSSP = "Journal of Physics C--Solid State Physics" }
@string{ L = "Langmuir" }
@string{ LMP = "Letters in Mathematical Physics" }
@string{ MA = "Microchimica Acta" }
@string{ ME = "Methods in Enzymology" }
@string{ MH = "Materials Horizons" }
@string{ MP = "Molecular Physics" }
@string{ MT = "Materials Today" }
@string{ MFC = "Monatshefte F{\"{u}r} Chemie" }
@string{ MMI = "Metals and Materials International" }
@string{ MRSB = "MRS Bulletin" }
@string{ N = "Nature" }
@string{ NC = "Nature Chemistry" }
@string{ NL = "Nano Letters" }
@string{ NM = "Nature Materials" }
@string{ NN = "Nature Nanotechnology" }
@string{ NP = "Nature Physics" }
@string{ NJP = "New Journal of Physics" }
@string{ NNT = "Nature Nanotechnology" }
@string{ NCTL = "Nachrichten aus Chemie, Technik und Laboratorium" }
@string{ NTECH = "Nanotechnology" }
@string{ OE = "Optics Express" }
@string{ OP = "Optical Materials" }
@string{ P = "Proteins" }
@string{ PB = "Physica B: Condensed Matter" }
@string{ PR = "Physical Review" }
@string{ PS = "Physica Scripta" }
@string{ PBC = "Physica B+C" }
@string{ PLA = "Physics Letters A" }
@string{ PRA = "Physical Review A" }
@string{ PRB = "Physical Review B" }
@string{ PRE = "Physical Review E" }
@string{ PRL = "Physical Review Letters" }
@string{ PRp = "Physics Reports" }
@string{ PRS = "Proceedings of the Royal Society" }
@string{ PCCP = "Physical Chemistry Chemical Physics" }
@string{ PCPS = "Proceedings of the Cambridge Philosophical Society" }
@string{ PNAS = "Proceedings of the National Academy of Sciences" }
@string{ PSSA = "Physica Status Solidi A" }
@string{ PSSB = "Physica Status Solidi B" }
@string{ PSSC = "Physica Status Solidi C" }
@string{ PRSLA = "Proceedings of the Royal Society of London Series A" }
@string{ PrSSC = "Progress in Solid State Chemistry" }
@string{ PELDSN = "Physica E--Low-dimensional Systems and Nanostructures" }
@string{ RCI = "Research on Chemical Intermediates" }
@string{ RMP = "Reviews of Modern Physics" }
@string{ S = "Science" }
@string{ SS = "Surface Science" }
@string{ SSC = "Solid State Communications" }
@string{ SSI = "Solid State Ionics" }
@string{ SSP = "Solid State Physics" }
@string{ SSR = "Surface Science Reports" }
@string{ SST = "Semiconductor Science and Technology" }
@string{ SAPA = "Spectrochimica Acta Part A: Molecular and Biomolecular Spectroscopy" }
@string{ TAP = "Topics in Applied Physica" }
@string{ TCA = "Theoretical Chemistry Accounts" }
@string{ TCM = "Topics in Current Chemistry" }
@string{ XS = "X-ray Spectrometry" }
@string{ ZP = "Zeitschrift F{\"{u}r} Physik a Hadrons and Nuclei" }
@string{ ZN = "Zeitschrift f{\"{u}r} Naturforschung" }
@string{ ZPB = "Zeitschrift f{\"{u}r} Physik B Condensed Matter" }
