SAMPLE BIBLIOGRAPHY FILE
FOR MANUSCRIPT_TEMPLATE.TEX
Last Modified: Oct 3, 2012 by J.W. May

This bib file uses the "string" command for journal names.  Thus, a list of strings relating journal abbreviations to either the short journal name or the full journal name is required for references to be properly formatted.  The contents of one of two files must be pasted below the line "PLACE JOURNAL ABBREVIATION..." below: Journal_Short_Name.bib or Journal_Long_Name.bib.  These files can be found on the group wiki.

PLACE JOURNAL ABBREVIATION STRINGS BELOW THIS LINE
@string{ JCP = "J. Chem. Phys." }
@string{ JCTC = "J. Chem. Theor. Comput." }
@string{ JPCC = "J. Phys. Chem. C" }
@string{ JPCL = "J. Phys. Chem. Lett." }


BIBLIOGRAPHY ENTRIES
Sorted by year according to the publication record on the Li group website (http://depts.washington.edu/ligroup/Publications.html)
Includes references from 2005 to the present.
All cite keys are formatted as: Li[2-Digit Year]_[First Page Number] regardless of the last author


@article{Li12_2898,
  author = {Phu Nguyen and Feizhi Ding and Sean A. Fischer and Wenkel Liang and Xiaosong Li},
  title = {Solvated First-principles Excited State Charge Transfer Dynamics with Time-Dependent Polarizable Continuum Model and Solvent Dielectric Relaxation},
  journal = JPCL,
  volume = {3},
  year = {2012},
  pages = {2898-2904}
}

@article{Li12_22A512,
  author = {Feizhi Ding and Craig T. Chapman and Wenkel Liang and Xiaosong Li},
  title = {Mechanisms of Bridge-mediated Electron Transfer: A TDDFT Electronic Dynamics Study},
  journal = JCP,
  volume = {137},
  year = {2012},
  pages = {22A512}
}

@article{Li12_1374,
  author = {Joseph W. May and Ryan J. McMorris and Xiaosong Li},
  title = {Ferromagnetism in $p$-Type Manganese-Doped Zinc Oxide Quantum Dots},
  journal = JPCL,
  volume = {3},
  year = {2012},
  pages = {1374-1380}
}

@article{Li12_11223,
  author = {Bo Peng and Wenkel Liang and Michael A. White and Daniel R. Gamelin and Xiaosong Li},
  title = {Theoretical Evaluation of Spin-Dependent Auger De-Excitation in Mn$^{2+}$-Doped Semiconductor Nanocrystals},
  journal = JPCC,
  volume = {116},
  number = {20},
  year = {2012},
  pages = {11223-11231}
}

@article{Li11_144102,
  author = {Sean A. Fischer and Craig T. Chapman and Xiaosong Li},
  title = {Surface hopping with Ehrenfest excited potential},
  journal = JCP,
  volume = {135},
  number = {14},
  year = {2011},
  pages = {144102}
}

@article{Li11_024118,
  author = {Craig T. Chapman and Wenkel Liang and Xiaosong Li},
  title = {Open-system electronic dynamics and thermalized electronic structure},
  journal = JCP,
  volume = {134},
  number = {2},
  year = {2011},
  pages = {024118}
}

@article{Li06_835,
  author = {Xiaosong Li and Michael J. Frisch},
  title = {Energy-Represented Direct Inversion in the Iterative Subspace within a Hybrid Geometry Optimization Method},
  journal = JCTC,
  volume = {2},
  number = {3},
  year = {2006},
  pages = {835-839}
}

@misc{GDVH21,
  author={M. J. Frisch and G. W. Trucks and H. B. Schlegel and G. E. Scuseria and
    M. A. Robb and J. R. Cheeseman and G. Scalmani and V. Barone and B. Mennucci and
    G. A. Petersson and H. Nakatsuji and M. Caricato and X. Li and H. P. Hratchian and
    A. F. Izmaylov and J. Bloino and G. Zheng and J. L. Sonnenberg and W. Liang and
    M. Hada and M. Ehara and K. Toyota and R. Fukuda and J. Hasegawa and M. Ishida and
    T. Nakajima and Y. Honda and O. Kitao and H. Nakai and T. Vreven and
    J. A. Montgomery, {Jr.} and J. E. Peralta and F. Ogliaro and M. Bearpark and
    J. J. Heyd and E. Brothers and K. N. Kudin and V. N. Staroverov and T. Keith and
    R. Kobayashi and J. Normand and K. Raghavachari and A. Rendell and J. C. Burant and
    S. S. Iyengar and J. Tomasi and M. Cossi and N. Rega and J. M. Millam and M. Klene and
    J. E. Knox and J. B. Cross and V. Bakken and C. Adamo and J. Jaramillo and
    R. Gomperts and R. E. Stratmann and O. Yazyev and A. J. Austin and R. Cammi and
    C. Pomelli and J. W. Ochterski and R. L. Martin and K. Morokuma and
    V. G. Zakrzewski and G. A. Voth and P. Salvador and J. J. Dannenberg and
    S. Dapprich and P. V. Parandekar and N. J. Mayhall and A. D. Daniels and
    \"O. Farkas and J. B. Foresman and J. V. Ortiz and J. Cioslowski and
    and D. J. Fox},
  title={Gaussian~{D}evelopment~{V}ersion {R}evision {H}.21},
  note={Gaussian Inc., Wallingford CT 2012}
}
