GAMELIN RESEARCH GROUP BIBLIOGRAPHY FILE
Last Modified: May 21, 2015 by P.J. Lestrange

This bib file uses the "string" command for journal names.  Thus, a list of
strings relating journal abbreviations to either the short journal name or the
full journal name is required for references to be properly formatted.  The
contents of one of two files must be included in the \bibliography{...} command
in the LaTex document: Journal_Short_Name.bib or Journal_Long_Name.bib.  These
files can found at https://github.com/liresearchgroup/latex/tree/master/bibliographies.

BIBLIOGRAPHY ENTRIES
* Papers co-authored by Gamelin and Li are NOT included here, but are included
   in the Li_Group_References.bib file
* All cite keys are formatted as: Gamelin[2-Digit Year]_[First Page Number]
  regardless of the last author

###  2014  ###

@article{Gamelin14_asap,
  author = {Erickson, Christian S. and Bradshaw, Liam R. and McDowall, Stephen and Gilbertson, John D. and Gamelin, Daniel R. and Patrick, David L.},
  title = {Zero-Reabsorption Doped-Nanocrystal Luminescent Solar Concentrators},
  journal = ACSN,
  volume = {ASAP},
  pages = {},
  year = {2014}
}

@article{Gamelin14_1065,
  author = {Schimpf, Alina M. and Thakkar, Niket and Gunthardt, Carolyn E. and Masiello, David J. and Gamelin, Daniel R.},
  title = {Charge-Tunable Quantum Plasmons in Colloidal Semiconductor Nanocrystals},
  journal = ACSN,
  volume = {8},
  number = {1},
  pages = {1065-1072},
  year = {2014}
}

@article{Gamelin14_1100,
  author = {Renero-Lecuna, Carlos and Mart\'{i}n-Rodr\'{i}guez, Rosa and Gonz\'{a}lez, Jesus A. and Rodr\'{i}gez, Fernando and Almonacid, Gloria and Segura, Alfredo and Mu\~{n}oz-Sanjos\'{e}, Vicente and Gamelin, Daniel R. and Valiente, Rafael},
  title = {Photoluminescence in ZnO:Co$^{2+}$ (0.01\%–5\%) Nanoparticles, Nanowires, Thin Films, and Single Crystals as a Function of Pressure and Temperature: Exploring Electron–Phonon Interactions},
  journal = CM,
  volume = {26},
  number = {2},
  pages = {1100-1107},
  year = {2014}
}

@article{Gamelin14_353,
  author = {Cohn, Alicia W. and Rinehart, Jeffrey D. and Schimpf, Alina M. and Weaver, Amanda L. and Gamelin, Daniel R.},
  title = {Size Dependence of Negative Trion Auger Recombination in Photodoped CdSe Nanocrystals},
  journal = NL,
  volume = {14},
  number = {1},
  pages = {353-358},
  year = {2014}
}

@article{Gamelin14_280,
  author = {Reid, Philip J. and Fujimoto, Bryant and Gamelin, Daniel R.},
  title = {A Simple ZnO Nanocrystal Synthesis Illustrating Three-Dimensional Quantum Confinement},
  journal = JCE,
  volume = {91},
  number = {2},
  pages = {280-282},
  year = {2014}
}


###  2013  ###

@article{Gamelin13_18782,
  author = {Rinehart, Jeffrey D. and Schimpf, Alina M. and Weaver, Amanda L. and Cohn, Alicia W. and Gamelin, Daniel R.},
  title = {Photochemical Electronic Doping of Colloidal CdSe Nanocrystals},
  journal = JACS,
  volume = {135},
  number = {50},
  pages = {18782-18785},
  year = {2013}
}

@article{Gamelin13_16569,
  author = {Schimpf, Alina M. and Gunthardt, Carolyn E. and Rinehart, Jeffrey D. and Mayer, James M. and Gamelin, Daniel R.},
  title = {Controlling Carrier Densities in Photochemically Reduced Colloidal ZnO Nanocrystals: Size Dependence and Role of the Hole Quencher},
  journal = JACS,
  volume = {135},
  number = {44},
  pages = {16569-16577},
  year = {2013}
}

@article{Gamelin13_14380,
  author = {Vlaskin, Vladimir A. and Barrows, Charles J. and Erickson, Christian S. and Gamelin, Daniel R.},
  title = {Nanocrystal Diffusion Doping},
  journal = JACS,
  volume = {25},
  number = {38},
  pages = {14380-14389},
  year = {2013}
}

@article{Gamelin13_392002,
  author = {Chamberlin, Sara E. and Wang, Yong and Lopata, Kenneth and Kaspar, Tiffany C. and Cohn, Alicia W. and Gamelin, Daniel R. and Govind, Niranjan and Sushko, Peter V. and Chambers, Scott A.},
  title = {Optical Absorption and Spectral Photoconductivity in $\Alpha$-(Fe$_{1-x}$Cr$_{x}$)$_{2}O$_{3}$ Solid-solution Thin Films},
  journal = JPCM,
  volume = {25},
  number = {39},
  pages = {302002},
  year = {2013}
}

@article{Gamelin13_3383,
  author = {De Trizio, Luca and Buonsanti, Raffaella and Schimpf, Alina M. and Llordes, Anna and Gamelin, Daniel R. and Simonutti, Roberto and Milliron, Delia J.},
  title = {Nb-Doped Colloidal TiO$_{2}$ Nanocrystals With Tunable Infrared Absorption},
  journal = CM,
  volume = {25},
  number = {16},
  pages = {3383-3390},
  year = {2013}
}

@article{Gamelin13_032107,
  author = {White, Michael A. and Dempsey, Jillian L. and Carroll, Gerard M. and Gallagher, James D. and Gamelin, Daniel R.},
  title = {Photoconductive ZnO Films With Embedded Quantum Dot or Ruthenium Dye Sensitizers}
  journal = APLM,
  volume = {1},
  pages = {032107},
  year = {2013}
}

@article{Gamelin13_8492,
  author = {Valdez, Carolyn N. and Braten, Miles and Soria, Ashley and Gamelin, Daniel R. and Mayer, James M.},
  title = {Effect of Protons on the Redox Chemistry of Colloidal Zinc Oxide Nanocrystals},
  journal = JACS,
  volume = {135},
  number = {23},
  pages = {8492-8495},
  year = {2013}
}

@article{Gamelin13_1810,
  author = {Cohn, Alicia W. and Schimpf, Alina M. and Gunthardt, Carolyn E. and Gamelin, Daniel R.},
  title = {Size-Dependent Trap-Assisted Auger Recombination in Semiconductor Nanocrystals},
  journal = NL,
  volume = {13},
  number = {4},
  pages = {1810-1815},
  year = {2013}
}

@article{Gamelin13_1283,
  author = {McLaurin, Emily J. and Bradshaw, Liam R. and Gamelin, Daniel R.},
  title = {Dual-Emitting Nanoscale Temperature Sensors},
  journal = CM,
  volume = {25},
  number = {8},
  pages = {1283-1292},
  year = {2013}
}

@article{Gamelin13_4566,
  author = {Yang, Pinyi and Zhong, Diane K. and Yuan, Mingjian and Rice, Andrew H. and Gamelin, Daniel R. and Luscombe, Christine K.},
  title = {TiO$_{2}$ Nanowire Electron Transport Pathways Inside Organic Photovoltaics},
  journal = PCCP,
  volume = {15},
  number = {13},
  pages = {4566-4572},
  year = {2013}
}

@article{Gamelin13_39,
  author = {McLaurin, Emily J. and Fataftah, Majed S. and Gamelin, Daniel R.},
  title = {One-step Synthesis of Alloyed Dual-emitting Semiconductor Nanocrystals},
  journal = CC,
  volume = {49},
  number = {1},
  pages = {39-41},
  year = {2013}
}


###  2012  ###

@article{Gamelin12_965,
  author = {Gamelin, Daniel R.},
  title = {Water Splitting: Catalyst or Spectator?},
  journal = NC,
  volume = {4},
  number = {12},
  pages = {965-967},
  year = {2012}
}

@article{Gamelin12_16175,
  author = {Rinehart, Jeffrey D. and Weaver, Amanda L. and Gamelin, Daniel R.},
  title = {Redox Brightening of Colloidal Semiconductor Nanocrystals Using Molecular Reductants},
  journal = JACS,
  volume = {134},
  number = {39},
  pages = {16175-16177},
  year = {2012}
}

@article{Gamelin12_20633,
  author = {Cohn, Alicia W. and Janssen, Nils and Mayer, James M. and Gamelin, Daniel R.},
  title = {Photocharging ZnO Nanocrystals: Picosecond Hole Capture, Electron Accumulation, and Auger Recombination},
  journal = JPCC,
  volume = {116},
  number = {38},
  pages = {20633-20642},
  year = {2012}
}

@article{Gamelin12_9352,
  author = {Schimpf, Alina M. and Ochsenbein, Stefan T. and Buonsanti, Raffaella and Milliron, Delia J. and Gamelin, Daniel R.},
  title = {Comparison of Extra Electrons in Colloidal $N$-type Al$^{3+}$-doped and Photochemically Reduced ZnO Nanocrystals},
  journal = CC,
  volume = {48},
  number = {75},
  pages = {9352-9354},
  year = {2012}
}

@article{Gamelin12_1264,
  author = {Schimpf, Alina M. and Gamelin, Daniel R.},
  title = {Thermal Tuning and Inversion of Excitonic Zeeman Splittings in Colloidal Doped CdSe Quantum Dots},
  journal = JPCL,
  volume = {3},
  number = {10},
  pages = {1264-1268},
  year = {2012}
}

@article{Gamelin12_7937,
  author = {Cohn, Alicia W. and Kittilstved, Kevin R. and Gamelin, Daniel R.},
  title = {Tuning the Potentials of ``Extra'' Electrons in Colloidal $N$-Type ZnO Nanocrystals via Mg$^{2+}$ Substitution},
  journal = JACS,
  volume = {134},
  number = {18},
  pages = {7937-7943},
  year = {2012}
}

@article{Gamelin12_9300,
  author = {Bradshaw, Liam R. and Hauser, Andreas and McLaurin, Emily J. and Gamelin, Daniel R.},
  title = {Luminescence Saturation via Mn$^{2+}$-Exciton Cross Relaxation in Colloidal Doped Semiconductor Nanocrystals},
  journal = JPCC,
  volume = {116},
  number = {16},
  pages = {9300-9310},
  year = {2012}
}

@article{Gamelin12_6819,
  author = {Weaver, Amanda L. and Gamelin, Daniel R.},
  title = {Photoluminescence Brightening via Electrochemical Trap Passivation in ZnSe and Mn$^{2+}$-Doped ZnSe Quantum Dots},
  journal = JACS,
  volume = {134},
  number = {15},
  pages = {6819-6825},
  year = {2012}
}


###  2011  ###

@article{Gamelin11_18370,
  author = {Zhong, Diane K. and Choi, Sujung and Gamelin, Daniel R.},
  title = {Near-Complete Suppression of Surface Recombination in Solar Photoelectrolysis by ``Co-Pi'' Catalyst-Modified W:BiVO$_{4}$},
  journal = JACS,
  volume = {133},
  number = {45},
  pages = {18370-18377},
  year = {2011}
}

@article{Gamelin11_125203,
  author = {Johnson, Claire A. and Cohn, Alicia and Kaspar, Tiffany and Chambers, Scott A. and Salley, G. Mackay and Gamelin, Daniel R.},
  title = {Visible-light Photoconductivity of Zn$_{1-x}$Co$_{x}$O and Its Dependence on Co$^{2+}$ Concentration},
  journal = PRB,
  volume = {84},
  number = {12},
  pages = {125203},
  year = {2011}
}

@article{Gamelin11_14978,
  author = {McLaurin, Emily J. and Vlaskin, Vladimir A. and Gamelin, Daniel R.},
  title = {Water-Soluble Dual-Emitting Nanocrystals for Ratiometric Optical Thermometry},
  journal = JACS,
  volume = {133},
  number = {38},
  pages = {14978-14980},
  year = {2011}
}

@article{Gamelin11_3355,
  author = {Whitaker, Kelly M. and Raskin, Maxim and Kiliani, Gillian and Beha, Katja and Ochsenbein, Stefan T. and Janssen, Nils and Fonin, Mikhail and Ruediger, Ulrich and Leitenstorfer, Alfred and Gamelin, Daniel R. and Bratschitsch, Rudolf},
  title = {Spin-on Spintronics: Ultrafast Electron Spin Dynamics in ZnO and Zn$_{1-x}$Co$_{x}$O Sol-Gel Films},
  journal = NL,
  volume = {11},
  number = {8},
  pages = {3355-3360},
  year = {2011}
}

@article{Gamelin11_1261,
  author = {Bacher, Gerd and Schneider, Lars and Beaulac, Remi and Archer, Paul I. and Gamelin, Daniel R.},
  title = {Magnetic Polaron Formation Dynamics in Mn$^{2+}$-Doped Colloidal Nanocrystals Up to Room Temperature},
  journal = JKPS,
  volume = {58},
  number = {5},
  pages = {1261-1266},
  year = {2011}
}

@article{Gamelin11_4158,
  author = {White, Michael A. and Weaver, Amanda L. and Beaulac, Remi and Gamelin, Daniel R.},
  title = {Electrochemically Controlled Auger Quenching of Mn$^{2+}$ Photoluminescence in Doped Semiconductor Nanocrystals},
  journal = ACSN,
  volume = {5},
  number = {5},
  pages = {4158-4168},
  year = {2011}
}

@article{Gamelin11_1759,
  author = {Zhong, Diane K. and Cornuz, Maurin and Sivula, Kevin and Graetzel, Michael and Gamelin, Daniel R.},
  title = {Photo-assisted Electrodeposition of Cobalt-phosphate (Co-Pi) Catalyst on Hematite Photoanodes for Solar Water Oxidation},
  journal = EES,
  volume = {4},
  number = {5},
  pages = {1759-1764},
  year = {2011}
}

@article{Gamelin11_4228,
  author = {Hayoun, Rebecca and Whitaker, Kelly M. and Gamelin, Daniel R. and Mayer, James M.},
  title = {Electron Transfer Between Colloidal ZnO Nanocrystals},
  journal = JACS,
  volume = {133},
  number = {12},
  pages = {4228-4231},
  year = {2011}
}

@article{Gamelin11_111,
  author = {Ochsenbein, Stefan T. and Gamelin, Daniel R.},
  title = {Quantum Oscillations in Magnetically Doped Colloidal Nanocrystals},
  journal = NN,
  volume = {6},
  number = {2},
  pages = {111-114},
  year = {2011}
}


###  2010  ###

@article{Gamelin10_4202,
  author = {Zhong, Diane K. and Gamelin, Daniel R.},
  title = {Photoelectrochemical Water Oxidation by Cobalt Catalyst (``Co-Pi'')/$\alpha$-Fe$_{2}$O$_{3}$ Composite Photoanodes: Oxygen Evolution and Resolution of a Kinetic Bottleneck},
  journal = JACS,
  volume = {132},
  number = {12},
  pages = {4202-4207},
  year = {2010}
}

@article{Gamelin10_103917,
  author = {White, Michael A. and Lovejoy, Tracy C. and Ochsenbein, Stefan T. and Olmstead, Marjorie A. and Gamelin, Daniel R.},
  title = {Sputtering-induced Co$^{0}$ Formation in X-ray Photoelectron Spectroscopy of Nanocrystalline Zn$_{1-x}$Co$_{x}$O Spinodal Enrichment Models},
  journal = JAP,
  volume = {107},
  number = {10},
  pages = {103917},
  year = {2010}
}

@article{Gamelin10_14467,
  author = {Whitaker, Kelly M. and Ochsenbein, Stefan T. and Smith, Alyssa L. and Echodu, Dorothy C. and Robinson, Bruce H. and Gamelin, Daniel R.},
  title = {Hyperfine Coupling in Colloidal $N$-Type ZnO Quantum Dots: Effects on Electron Spin Relaxation},
  journal = JPCC,
  volume = {114},
  number = {34},
  pages = {14467-14472},
  year = {2010}
}

@article{Gamelin10_3670,
  author = {Vlaskin, Vladimir A. and Janssen, Nils and van Rijssel, Jos and Beaulac, Remi and Gamelin, Daniel R.},
  title = {Tunable Dual Emission in Doped Semiconductor Nanocrystals},
  journal = NL,
  volume = {10},
  number = {9},
  pages = {3670-3674},
  year = {2010}
}

@article{Gamelin10_1252,
  author = {Sun, Jianwei and Zhong, Diane K. and Gamelin, Daniel R.},
  title = {Composite Photoanodes for Photoelectrochemical Solar Water Splitting},
  journal = EES,
  volume = {3},
  number = {9},
  pages = {1252-1261},
  year = {2010}
}

@article{Gamelin10_115202,
  author = {Johnson, Claire A. and Kittilstved, Kevin R. and Kaspar, Tiffany C. and Droubay, Tim C. and Chambers, Scott A. and Salley, G. Mackay and Gamelin, Daniel R.},
  title = {Mid-gap Electronic States in Zn$_{1-x}$Mn$_{x}$O},
  journal = PRB,
  volume = {82},
  number = {11},
  pages = {115202},
  year = {2010}
}

@article{Gamelin10_125206,
  author = {Johnson, Claire A. and Kaspar, Tiffany C. and Chambers, Scott A. and Salley, G. Mackay and Gamelin, Daniel R.},
  title = {Sub-band-gap Photoconductivity in Co$^{2+}$-doped ZnO},
  journal = PRB,
  volume = {81},
  number = {12},
  pages = {125206},
  year = {2010}
}

@article{Gamelin10_224401,
  author = {Beaulac, Remi and Gamelin, Daniel R.},
  title = {Two-center Formulation of Mn$^{2+}$-electron $S$--$d$ Exchange Coupling in Bulk and Quantum-confined Diluted Magnetic Semiconductors},
  journal = PRB,
  volume = {82},
  number = {22},
  pages = {224401},
  year = {2010}
}

@incollection{Gamelin10_book,
  author = {Beaulac, Remi and Ochsenbein, S. T. and Gamelin, Daniel R.},
  title = {Colloidal Transition-Metal-Doped Quantum Dots},
  chapter = {11},
  booktitle = {Semiconductor Quantum Dots},
  editor = {V. I. Klimov},
  publisher = {CRC Press},
  edition = {2},
  year = {2010},
  pages = {397}
}


###  2009  ###

@article{Gamelin09_6086,
  author = {Zhong, Diane K. and Sun, Jianwei and Inumaru, Hiroki and Gamelin, Daniel R.},
  title = {Solar Water Oxidation by Composite Catalyst/$\alpha$-Fe$_{2}$O$_{3}$ Photoanodes},
  journal = JACS,
  volume = {131},
  number = {17},
  pages = {6086-6087},
  year = {2009}
}

@article{Gamelin09_4376,
  author = {Vlaskin, Vladimir A. and Beaulac, Remi and Gamelin, Daniel R.},
  title = {Dopant-Carrier Magnetic Exchange Coupling in Colloidal Inverted Core/Shell Semiconductor Nanocrystals},
  journal = NL,
  volume = {9},
  number = {12},
  pages = {4376-4382},
  year = {2009}
}

@article{Gamelin09_7602,
  author = {Lee, Hyo Joong and Chen, Peter and Moon, Soo-Jin and Sauvage, Frederic and Sivula, Kevin and Bessho, Takeru and Gamelin, Daniel R. and Comte, Pascal and Zakeeruddin, Shaik M. and Il Seok, Sang and Graetzel, Michael and Nazeeruddin, Md K.},
  title = {Regenerative PbS and CdS Quantum Dot Sensitized Solar Cells With a Cobalt Complex as Hole Mediator},
  journal = L,
  volume = {25},
  number = {13},
  pages = {7602-7608},
  year = {2009}
}

@article{Gamelin09_4221,
  author = {Lee, HyoJoong and Wang, Mingkui and Chen, Peter and Gamelin, Daniel R. and Zakeeruddin, Shaik M. and Graetzel, Michael and Nazeeruddin, Md K.},
  title = {Efficient CdSe Quantum Dot-Sensitized Solar Cells Prepared by an Improved Successive Ionic Layer Adsorption and Reaction Process},
  journal = NL,
  volume = {9},
  number = {12},
  pages = {4221-4227},
  year = {2009}
}

@article{Gamelin09_155203,
  author = {Droubay, T. C. and Keavney, D. J. and Kaspar, T. C. and Heald, S. M. and Wang, C. M. and Johnson, C. A. and Whitaker, K. M. and Gamelin, D. R. and Chambers, S. A.},
  title = {Correlated Substitution in Paramagnetic Mn$^{2+}$-doped ZnO Epitaxial Films},
  journal = PRB,
  volume = {79},
  number = {15},
  pages = {155203},
  year = {2009}
}

@article{Gamelin09_973,
  author = {Beaulac, Remi and Schneider, Lars and Archer, Paul I. and Bacher, Gerd and Gamelin, Daniel R.},
  title = {Light-Induced Spontaneous Magnetization in Doped Colloidal Quantum Dots},
  journal = S,
  volume = {325},
  number = {5943},
  pages = {973-976},
  year = {2009}
}


###  2008  ###

@article{Gamelin08_7107,
  author = {White, Michael A. and Ochsenbein, Stefan T. and Gamelin, Daniel R.},
  title = {Colloidal Nanocrystals of Wurtzite Zn$_{1-x}$Co$_{x}$O ($0 \Le X \Le 1$): Models of Spinodal Decomposition in an Oxide Diluted Magnetic Semiconductor},
  journal = CM,
  volume = {20},
  number = {22},
  pages = {7107-7116},
  year = {2008}
}

@article{Gamelin08_14331,
  author = {Whitaker, Kelly M. and Ochsenbein, Stefan T. and Polinger, Victor Z. and Gamelin, Daniel R.},
  title = {Electron Confinement Effects in the EPR Spectra of Colloidal $N$-type ZnO Quantum Dots},
  journal = JPCC,
  volume = {112},
  number = {37},
  pages = {14331-14335},
  year = {2008}
}

@article{Gamelin08_9791,
  author = {Thomay, Tim and Hanke, Tobias and Tomas, Martin and Sotier, Florian and Beha, Katja and Knittel, Vanessa and Kahl, Matthias and Whitaker, Kelly M. and Gamelin, Daniel R. and Leitenstorfer, Alfred and Bratschitsch, Rudolf},
  title = {Colloidal ZnO Quantum Dots in Ultraviolet Pillar Microcavities},
  journal = OE,
  volume = {16},
  number = {13},
  pages = {9791-9794},
  year = {2008}
}

@article{Gamelin08_055010,
  author = {Kaspar, T. C. and Droubay, T. and Heald, S. M. and Nachimuthu, P. and Wang, C. M. and Shutthanandan, V. and Johnson, C. A. and Gamelin, D. R. and Chambers, S. A.},
  title = {Lack of Ferromagnetism in $N$-type Cobalt-doped ZnO Epitaxial Thin Films},
  journal = NJP,
  volume = {10},
  pages = {055010},
  year = {2008}
}

@article{Gamelin08_1991,
  author = {Janssen, Nils and Whitaker, Kelly M. and Gamelin, Daniel R. and Bratschitsch, Rudolf},
  title = {Ultrafast Spin Dynamics in Colloidal ZnO Quantum Dots},
  journal = NL,
  volume = {8},
  number = {7},
  pages = {1991-1994},
  year = {2008}
}

@article{Gamelin08_2949,
  author = {Beaulac, Remi and Archer, Paul I. and van Rijssel, Jos and Meijerink, Andries and Gamelin, Daniel R.},
  title = {Exciton Storage by Mn$^{2+}$ in Colloidal Mn$^{2+}$-doped CdSe Quantum Dots},
  journal = NL,
  volume = {8},
  number = {9},
  pages = {2949-2953},
  year = {2008}
}

@article{Gamelin08_3873,
  author = {Beaulac, Remi and Archer, Paul I. and Ochsenbein, Stefan T. and Gamelin, Daniel R.},
  title = {Mn$^{2+}$-Doped CdSe Quantum Dots: New Inorganic Materials for Spin-Electronics and Spin-Photonics},
  journal = AFM,
  volume = {18},
  number = {24},
  pages = {3873-3891},
  year = {2008}
}

@article{Gamelin08_1197,
  author = {Beaulac, Remi and Archer, Paul I. and Liu, Xinyu and Lee, Sanghoon and Salley, G. Mackay and Dobrowolska, Margaret and Furdyna, Jacek K. and Gamelin, Daniel R.},
  title = {Spin-polarizable Excitonic Luminescence in Colloidal Mn$^{2+}$-doped CdSe Quantum Dots},
  journal = NL,
  volume = {8},
  number = {4},
  pages = {1197-1201},
  year = {2008}
}

@article{Gamelin08_1582,
  author = {Beaulac, Remi and Archer, Paul I. and Gamelin, Daniel R.},
  title = {Luminescence in Colloidal Mn$^{2+}$-doped Semiconductor Nanocrystals},
  journal = JSSC,
  volume = {181},
  number = {7},
  pages = {1582-1589},
  year = {2008}
}


###  2007  ###

@article{Gamelin07_3973,
  author = {Santangelo, Steven A. and Hinds, Eric A. and Vlaskin, Vladimir A. and Archer, Paul I. and Gamelin, Daniel R.},
  title = {Bimodal Bond-length Distributions in Cobalt-doped CdSe, ZnSe, and Cd$_{1-x}$Zn$_{x}$Se Quantum Dots},
  journal = JACS,
  volume = {129},
  number = {13},
  pages = {3973-3978},
  year = {2007}
}

@article{Gamelin07_186804,
  author = {Liu, William K. and Whitaker, Kelly M. and Smith, Alyssa L. and Kittilstved, Kevin R. and Robinson, Bruce H. and Gamelin, Daniel R.},
  title = {Room-temperature Electron Spin Dynamics in Free-standing ZnO Quantum Dots},
  journal = PRL,
  volume = {98},
  number = {18},
  pages = {186804},
  year = {2007}
}

@article{Gamelin07_1,
  author = {Chambers, S. A. and Schwartz, D. A. and Liu, W. K. and Kittilstved, K. R. and Gamelin, D. R.},
  title = {Growth, Electronic and Magnetic Properties of Doped ZnO Epitaxial and Nanocrystalline Films},
  journal = APAMSP,
  volume = {88},
  number = {1},
  pages = {1-5},
  year = {2007}
}

@article{Gamelin07_1037,
  author = {Archer, Paul I. and Santangelo, Steven A. and Gamelin, Daniel R.},
  title = {Direct Observation of $Sp$--$d$ Exchange Interactions in Colloidal Mn$^{2+}$- and Co$^{2+}$-doped CdSe Quantum Dots},
  journal = NL,
  volume = {7},
  number = {4},
  pages = {1037-1043},
  year = {2007}
}

@article{Gamelin07_9808,
  author = {Archer, Paul I. and Santangelo, Steven A. and Gamelin, Daniel R.},
  title = {Inorganic Cluster Syntheses of TM$^{2+}$-doped Quantum Dots (CdSe, CdS, CdSe/CdS): Physical Property Dependence on Dopant Locale},
  journal = JACS,
  volume = {129},
  number = {31},
  pages = {9808-9818},
  year = {2007}
}


###  2006  ###

@article{Gamelin06_13195,
  author = {Norberg, Nick S. and Parks, Gregory L. and Salley, G. Mackay and Gamelin, Daniel R.},
  title = {Giant Excitonic Zeeman Splittings in Colloidal Co$^{2+}$-doped ZnSe Quantum Dots},
  journal = JACS,
  volume = {128},
  number = {40},
  pages = {13195-13203},
  year = {2006}
}

@article{Gamelin06_08M104,
  author = {Norberg, N. S. and Gamelin, D. R.},
  title = {Giant Zeeman Effects in Colloidal Diluted Magnetic Semiconductor Quantum Dots With Homogeneous Dopant Speciation},
  journal = JAP,
  volume = {99},
  number = {8},
  pages = {08M104},
  year = {2006}
}

@article{Gamelin06_2887,
  author = {Norberg, Nick S. and Dalpian, Gustavo M. and Chelikowsky, James R. and Gamelin, Daniel R.},
  title = {Energetic Pinning of Magnetic Impurity Levels in Quantum-confined Semiconductors},
  journal = NL,
  volume = {6},
  number = {12},
  pages = {2887-2892},
  year = {2006}
}

@article{Gamelin06_3910,
  author = {Liu, W. K. and Whitaker, K. M. and Kittilstved, K. R. and Gamelin, D. R.},
  title = {Stable Photogenerated Carriers in Magnetic Semiconductor Nanocrystals},
  journal = JACS,
  volume = {128},
  number = {12},
  pages = {3910-3911},
  year = {2006}
}

@article{Gamelin06_062510,
  author = {Kittilstved, Kevin R. and Zhao, Jialong and Liu, William K. and Bryan, J. Daniel and Schwartz, Dana A. and Gamelin, Daniel R.},
  title = {Magnetic Circular Dichroism of Ferromagnetic Co$^{2+}$-doped ZnO},
  journal = APL,
  volume = {89},
  number = {6},
  pages = {062510},
  year = {2006}
}

@article{Gamelin06_037203,
  author = {Kittilstved, Kevin R. and Schwartz, Dana A. and Tuan, Allan C. and Heald, Steve M. and Chambers, Scott A. and Gamelin, Daniel R.},
  title = {Direct Kinetic Correlation of Carriers and Ferromagnetism in Co$^{2+}$:ZnO},
  journal = PRL,
  volume = {97},
  number = {3},
  pages = {037203},
  year = {2006}
}

@article{Gamelin06_291,
  author = {Kittilstved, K. R. and Liu, W. K. and Gamelin, D. R.},
  title = {Electronic Structure Origins of Polarity-dependent High-T$_{C}$ Ferromagnetismin Oxide-diluted Magnetic Semiconductors},
  journal = NM,
  volume = {5},
  number = {4},
  pages = {291-297},
  year = {2006}
}

@article{Gamelin06_08M112,
  author = {Kittilstved, K. R. and Gamelin, D. R.},
  title = {Manipulating Polar Ferromagnetism in Transition-metal-doped ZnO: Why Manganese Is Different From Cobalt (Invited)},
  journal = JAP,
  volume = {99},
  number = {8},
  pages = {08M112},
  year = {2006}
}

@article{Gamelin06_155327,
  author = {Kaspar, T. C. and Droubay, T. and Shutthanandan, V. and Heald, S. M. and Wang, C. M. and McCready, D. E. and Thevuthasan, S. and Bryan, J. D. and Gamelin, D. R. and Kellock, A. J. and Toney, M. F. and Hong, X. and Ahn, C. H. and Chambers, S. A.},
  title = {Ferromagnetism and Structure of Epitaxial Cr-doped Anatase TiO$_{2}$ Thin Films},
  journal = PRB,
  volume = {73},
  number = {15},
  pages = {155327},
  year = {2006}
}

@article{Gamelin06_28,
  author = {Chambers, S. A. and Droubay, T. C. and Wang, C. M. and Rosso, K. M. and Heald, S. M. and Schwartz, D. A. and Kittilstved, K. R. and Gamelin, D. R.},
  title = {Ferromagnetism in Oxide Semiconductors},
  journal = MT,
  volume = {9},
  number = {11},
  pages = {28-35},
  year = {2006}
}

@article{Gamelin06_08M107,
  author = {Archer, P. I. and Gamelin, D. R.},
  title = {Controlled Grain-boundary Defect Formation and Its Role in the High-T$_{C}$ Ferromagnetism of Ni$^{2+}$:SnO$_{2}$},
  journal = JAP,
  volume = {99},
  number = {8},
  pages = {08M107},
  year = {2006}
}


###  2005  ###

@article{Gamelin05_20810,
  author = {Norberg, N. S. and Gamelin, D. R.},
  title = {Influence of Surface Modification on the Luminescence of Colloidal ZnO Nanocrystals},
  journal = JPCB,
  volume = {109},
  number = {44},
  pages = {20810-20816},
  year = {2005}
}

@article{Gamelin05_14486,
  author = {Liu, W. K. and Salley, G. M. and Gamelin, D. R.},
  title = {Spectroscopy of Photovoltaic and Photoconductive Nanocrystalline Co$^{2+}$-doped ZnO Electrodes},
  journal = JPCB,
  volume = {109},
  number = {30},
  pages = {14486-14495},
  year = {2005}
}

@article{Gamelin05_147209,
  author = {Kittilstved, K. R. and Norberg, N. S. and Gamelin, D. R.},
  title = {Chemical Manipulation of High-T$_{C}$ Ferromagnetism in ZnO Diluted Magnetic Semiconductors},
  journal = PRL,
  volume = {94},
  number = {14},
  pages = {147209},
  year = {2005}
}

@article{Gamelin05_5292,
  author = {Kittilstved, K. R. and Gamelin, D. R.},
  title = {Activation of High-T$_{C}$ Ferromagnetism in Mn$^{2+}$-doped ZnO Using Amines},
  journal = JACS,
  volume = {127},
  number = {15},
  pages = {5292-5293},
  year = {2005}
}

@article{Gamelin05_217203,
  author = {Kaspar, T. C. and Heald, S. M. and Wang, C. M. and Bryan, J. D. and Droubay, T. and Shutthanandan, V. and Thevuthasan, S. and McCready, D. E. and Kellock, A. J. and Gamelin, D. R. and Chambers, S. A.},
  title = {Negligible Magnetism in Excellent Structural Quality Cr$_{x}$Ti$_{1-x}$O$_{2}$ Anatase: Contrast With High-T$_{C}$ Ferromagnetism in Structurally Defective Cr$_{x}$Ti$_{1-x}$O$_{2}$},
  journal = PRL,
  volume = {95},
  number = {21},
  pages = {217203},
  year = {2005}
}

@article{Gamelin05_1472,
  author = {Bryan, J. D. and Schwartz, D. A. and Gamelin, D. R.},
  title = {The Influence of Dopants on the Nucleation of Semiconductor Nanocrystals From Homogeneous Solution},
  journal = JNN,
  volume = {5},
  number = {9},
  pages = {1472-1479},
  year = {2005}
}

@article{Gamelin05_15568,
  author = {Bryan, J. D. and Santangelo, S. A. and Keveren, S. C. and Gamelin, D. R.},
  title = {Activation of High-T$_{C}$ Ferromagnetism in Co$^{2+}$: TiO$_{2}$ and Cr$^{3+}$:TiO$_{2}$ Nanorods and Nanocrystals by Grain Boundary Defects},
  journal = JACS,
  volume = {127},
  number = {44},
  pages = {15568-15574},
  year = {2005}
}

@inbook{Gamelin05_47,
  author = {Bryan, J. Daniel and Gamelin, Daniel R.},
  title = {Doped Semiconductor Nanocrystals: Synthesis, Characterization, Physical Properties, and Applications},
  booktitle = {Progress in Inorganic Chemistry, Vol 54},
  editor = {Karlin, K. D.},
  series = {Progress in Inorganic Chemistry},
  volume = {54},
  pages = {47-126},
  year = {2005}
}

@article{Gamelin05_14479,
  author = {Archer, P. I. and Radovanovic, P. V. and Heald, S. M. and Gamelin, D. R.},
  title = {Low-temperature Activation and Deactivation of High-Curie-temperature Ferromagnetism in a New Diluted Magnetic Semiconductor: Ni$^{2+}$-doped SnO$_{2}$},
  journal = JACS,
  volume = {127},
  number = {41},
  pages = {14479-14487},
  year = {2005}
}


###  2004  ###

@article{Gamelin04_054424,
  author = {Tuan, A. C. and Bryan, J. D. and Pakhomov, A. B. and Shutthanandan, V. and Thevuthasan, S. and McCready, D. E. and Gaspar, D. and Engelhard, M. H. and Rogers, J. W. and Krishnan, K. and Gamelin, D. R. and Chambers, S. A.},
  title = {Epitaxial Growth and Properties of Cobalt-doped ZnO on $\Alpha$-Al$_{2}$O$_{3}$ Single-crystal Substrates},
  journal = PRB,
  volume = {70},
  number = {5},
  pages = {054424},
  year = {2004}
}

@article{Gamelin04_1395,
  author = {Schwartz, D. A. and Kittilstved, K. R. and Gamelin, D. R.},
  title = {Above-room-temperature Ferromagnetic Ni$^{2+}$-doped ZnO Thin Films Prepared From Colloidal Diluted Magnetic Semiconductor Quantum Dots},
  journal = APL,
  volume = {85},
  number = {8},
  pages = {1395-1397},
  year = {2004}
}

@article{Gamelin04_2115,
  author = {Schwartz, D. A. and Gamelin, D. R.},
  title = {Reversible 300 K Ferromagnetic Ordering in a Diluted Magnetic Semiconductor},
  journal = AM,
  volume = {16},
  number = {23-24},
  pages = {2115-+},
  year = {2004}
}

@article{Gamelin04_9387,
  author = {Norberg, N. S. and Kittilstved, K. R. and Amonette, J. E. and Kukkadapu, R. K. and Schwartz, D. A. and Gamelin, D. R.},
  title = {Synthesis of Colloidal Mn$^{2+}$: ZnO Quantum Dots and High-T$_{C}$ Ferromagnetic Nanocrystalline Thin Films},
  journal = JACS,
  volume = {126},
  number = {30},
  pages = {9387-9398},
  year = {2004}
}

@article{Gamelin04_11640,
  author = {Bryan, J. D. and Heald, S. M. and Chambers, S. A. and Gamelin, D. R.},
  title = {Strong Room-temperature Ferromagnetism in Co$^{2+}$-doped TiO$_{2}$ Made From Colloidal Nanocrystals},
  journal = JACS,
  volume = {126},
  number = {37},
  pages = {11640-11647},
  year = {2004}
}


###  2003  ###

@article{Gamelin03_13205,
  author = {Schwartz, D. A. and Norberg, N. S. and Nguyen, Q. P. and Parker, J. M. and Gamelin, D. R.},
  title = {Magnetic Quantum Dots: Synthesis, Spectroscopy, and Magnetism of Co$^{2+}$- and Ni$^{2+}$-doped ZnO Nanocrystals},
  journal = JACS,
  volume = {125},
  number = {43},
  pages = {13205-13218},
  year = {2003}
}

@article{Gamelin03_157202,
  author = {Radovanovic, P. V. and Gamelin, D. R.},
  title = {High-temperature Ferromagnetism in Ni$^{2+}$-doped ZnO Aggregates Prepared From Colloidal Diluted Magnetic Semiconductor Quantum Dots},
  journal = PRL,
  volume = {91},
  number = {15},
  pages = {157202},
  year = {2003}
}


###  2002  ###

@article{Gamelin02_15192,
  author = {Radovanovic, P. V. and Norberg, N. S. and McNally, K. E. and Gamelin, D. R.},
  title = {Colloidal Transition-metal-doped ZnO Quantum Dots},
  journal = JACS,
  volume = {124},
  number = {51},
  pages = {15192-15193},
  year = {2002}
}


###  2001  ###

@article{Gamelin01_12207,
  author = {Radovanovic, P. V. and Gamelin, D. R.},
  title = {Electronic Absorption Spectroscopy of Cobalt Ions in Diluted Magnetic Semiconductor Quantum Dots: Demonstration of an Isocrystalline Core/shell Synthetic Method},
  journal = JACS,
  volume = {123},
  number = {49},
  pages = {12207-12214},
  year = {2001}
}

@article{Gamelin01_1,
  author = {Gamelin, D. R. and Gudel, H. U.},
  title = {Upconversion Processes in Transition Metal and Rare Earth Metal Systems},
  journal = TCC, 
  volume = {214},
  pages = {1-56},
  year = {2001}
}


###  2000  ###

@article{Gamelin00_16530,
  author = {Wenger, O. S. and Gamelin, D. R. and Gudel, H. U. and Butashin, A. V. and Kaminskii, A. A.},
  title = {Site-selective Yellow to Violet and Near-infrared to Green Upconversion in BaLu$_{2}$F$_{8}$ : Nd$^{3+}$},
  journal = PRB,
  volume = {61},
  number = {24},
  pages = {16530-16537},
  year = {2000}
}

@article{Gamelin00_7408,
  author = {Wenger, O. S. and Gamelin, D. R. and Gudel, H. U.},
  title = {Chemical Modification of Transition Metal Upconversion Properties: Exchange Enhancement of Ni$^{2+}$ Upconversion Rates in Ni$^{2+}$: RbMnCl$_{3}$},
  journal = JACS,
  volume = {122},
  number = {30},
  pages = {7408-7409},
  year = {2000}
}

@article{Gamelin00_16,
  author = {Randall, D. W. and Gamelin, D. R. and LaCroix, L. B. and Solomon, E. I.},
  title = {Electronic Structure Contributions to Electron Transfer in Blue Cu and Cu$_{A}$},
  journal = JBIC,
  volume = {5},
  number = {1},
  pages = {16-29},
  year = {2000}
}

@article{Gamelin00_3337,
  author = {Pollnau, M. and Gamelin, D. R. and Luthi, S. R. and Gudel, H. U. and Hehlen, M. P.},
  title = {Power Dependence of Upconversion Luminescence in Lanthanide and Transition-metal-ion Systems},
  journal = PRB,
  volume = {61},
  number = {5},
  pages = {3337-3346},
  year = {2000}
}

@article{Gamelin00_11045,
  author = {Gamelin, D. R. and Luthi, S. R. and Gudel, H. U.},
  title = {The Role of Laser Heating in the Intrinsic Optical Bistability of Yb$^{3+}$-doped Bromide Lattices},
  journal = JPCB,
  volume = {104},
  number = {47},
  pages = {11045-11057},
  year = {2000}
}

@article{Gamelin00_235,
  author = {Gamelin, D. R. and Gudel, H. U.},
  title = {Design of Luminescent Inorganic Materials: New Photophysical Processes Studied by Optical Spectroscopy},
  journal = ACR,
  volume = {33},
  number = {4},
  pages = {235-242},
  year = {2000}
}

@article{Gamelin00_10222,
  author = {Gamelin, D. R. and Gudel, H. U.},
  title = {Excited-state Dynamics and Sequential Two-photon Upconversion Excitation of Mo$^{3+}$-doped Chloro- and Bromo-elpasolites},
  journal = JPCB,
  volume = {104},
  number = {44},
  pages = {10222-10234},
  year = {2000}
}

@article{Gamelin00_8511,
  author = {Brunold, T. C. and Gamelin, D. R. and Solomon, E. I.},
  title = {Excited-state Exchange Coupling in Bent Mn(III)-O-Mn(III) Complexes: Dominance of the Pi/sigma Superexchange Pathway and Its Possible Contributions to the Reactivities of Binuclear Metalloproteins},
  journal = JACS,
  volume = {122},
  number = {35},
  pages = {8511-8523},
  year = {2000}
}


###  1999  ###

@article{Gamelin99_5312,
  author = {Wenger, O. S. and Gamelin, D. R. and Gudel, H. U. and Butashin, A. V. and Kaminskii, A. A.},
  title = {Site-selective Optical Spectroscopy and Upconversion Mechanisms of the Laser Material BaLu$_{2}$F$_{8}$ : Er$^{3+}$},
  journal = PRB,
  volume = {60},
  number = {8},
  pages = {5312-5320},
  year = {1999}
}

@article{Gamelin99_405,
  author = {Gamelin, D. R. and Wermuth, M. and Gudel, H. U.},
  title = {Up-conversion Processes of 5$d$ Transition Metal Ions in Crystals},
  journal = JL,
  volume = {83-4},
  pages = {405-410},
  year = {1999}
}

@article{Gamelin99_5154,
  author = {Gamelin, D. R. and Gudel, H. U.},
  title = {Spectroscopy and Dynamics of Re$^{4+}$ Near-IR-to-visible Luminescence Upconversion},
  journal = IC,
  volume = {38},
  number = {22},
  pages = {5154-5164},
  year = {1999}
}


###  1998  ###

@article{Gamelin98_191,
  author = {Hay, M. T. and Ang, M. C. and Gamelin, D. R. and Solomon, E. I. and Antholine, W. E. and Ralle, M. and Blackburn, N. J. and Massey, P. D. and Wang, X. T. and Kwon, A. H. and Lu, Y.},
  title = {Spectroscopic Characterization of an Engineered Purple Cu$_{A}$ Center in Azurin},
  journal = IC,
  volume = {37},
  number = {2},
  pages = {191-198},
  year = {1998}
}

@article{Gamelin98_5246,
  author = {Gamelin, D. R. and Randall, D. W. and Hay, M. T. and Houser, R. P. and Mulder, T. C. and Canters, G. W. and de Vries, S. and Tolman, W. B. and Lu, Y. and Solomon, E. I.},
  title = {Spectroscopy of Mixed-valence Cu$_{A}$-type Centers: Ligand-field Control of Ground-state Properties Related to Electron Transfer},
  journal = JACS,
  volume = {120},
  number = {21},
  pages = {5246-5263},
  year = {1998}
}

@article{Gamelin98_12143,
  author = {Gamelin, D. R. and Gudel, H. U.},
  title = {Two-photon Spectroscopy of D$^{3}$ Transition Metals: Near-IR-to-visible Upconversion Luminescence by Re$^{4+}$ and Mo$^{3+}$},
  journal = JACS,
  volume = {120},
  number = {46},
  pages = {12143-12144},
  year = {1998}
}

@article{Gamelin98_8724,
  author = {Brunold, T. C. and Gamelin, D. R. and Stemmler, T. L. and Mandal, S. K. and Armstrong, W. H. and Penner-Hahn, J. E. and Solomon, E. I.},
  title = {Spectroscopic Studies of Oxidized Manganese Catalase and $\Mu$-oxo-bridged Dimanganese(III) Model Complexes: Electronic Structure of the Active Site and Its Relation to Catalysis},
  journal = JACS,
  volume = {120},
  number = {34},
  pages = {8724-8738},
  year = {1998}
}


###  1997  ###

@article{Gamelin97_613,
  author = {Williams, K. R. and Gamelin, D. R. and LaCroix, L. B. and Houser, R. P. and Tolman, W. B. and Mulder, T. C. and deVries, S. and Hedman, B. and Hodgson, K. O. and Solomon, E. I.},
  title = {Influence of Copper-sulfur Covalency and Copper-copper Bonding on Valence Delocalization and Electron Transfer in the Cu$_{A}$ Site of Cytochrome $C$ Oxidase},
  journal = JACS,
  volume = {119},
  number = {3},
  pages = {613-614},
  year = {1997}
}


###  1996  ###

@article{Gamelin96_4323,
  author = {Gamelin, D. R. and Bominaar, E. L. and Mathoniere, C. and Kirk, M. L. and Wieghardt, K. and Girerd, J. J. and Solomon, E. I.},
  title = {Excited-state Distortions and Electron Delocalization in Mixed-valence Dimers: Vibronic Analysis of the Near-IR Absorption and Resonance Raman Profiles of [Fe$_{2}$(OH)$_{3}$(tmtacn)$_{2}$]$^{2+}$},
  journal = IC,
  volume = {35},
  number = {15},
  pages = {4323-4335},
  year = {1996}
}

@article{Gamelin96_8085,
  author = {Gamelin, D. R. and Bominaar, E. L. and Kirk, M. L. and Wieghardt, K. and Solomon, E. I.},
  title = {Excited-state Contributions to Ground-state Properties of Mixed-valence Dimers: Spectral and Electronic-structural Studies of [Fe$_{2}$(OH)$_{3}$(tmtacn)$_{2}$]$^{2+}$ Related to the [Fe$_{2}$S$_{2}$]$^{+}$ Active Sites of Plant-type Ferredoxins},
  journal = JACS,
  volume = {118},
  number = {34},
  pages = {8085-8097},
  year = {1996}
}


###  1995  ###

@article{Gamelin95_71,
  author = {Solomon, E. I. and Kirk, M. L. and Gamelin, D. R. and Pulver, S.},
  title = {Bioinorganic Spectroscopy},
  journal = ME, 
  volume = {246},
  pages = {71-110},
  year = {1995}
}


###  1994  ###

@article{Gamelin94_2392,
  author = {Gamelin, D. R. and Kirk, M. L. and Stemmler, T. L. and Pal, S. and Armstrong, W. H. and Pennerhahn, J. E. and Solomon, E. I.},
  title = {Electronic-Structure and Spectroscopy of Manganese Catalase and Di-Mu-Oxo Mn(III)MN(IV) Model Complexes},
  journal = JACS,
  volume = {116},
  number = {6},
  pages = {2392-2399},
  year = {1994}
}

@article{Gamelin94_3246,
  author = {Gamelin, D. R. and George, M. W. and Glyn, P. and Grevels, F. W. and Johnson, F. P. A. and Klotzbucher, W. and Morrison, S. L. and Russell, G. and Schaffner, K. and Turner, J. J.},
  title = {Structural Investigation of the Ground and Excited-States of Cire(CO)$_{3}$(4,4'-Bipyridyl)$_{2}$ Using Vibrational Spectroscopy},
  journal = IC,
  volume = {33},
  number = {15},
  pages = {3246-3250},
  year = {1994}
}


### Thesis ###

@phdthesis{Archer08_Thesis,
	Author = {P. I. Archer},
	School = {University of Washington},
	Title = {Building on the Hot-injection Architecture: Giving Worth to Alternative Nanocrystal Synthesis},
	Year = {2008}}

@phdthesis{Schwarts04_Thesis,
	Author = {D. A. Schwartz},
	School = {University of Washington},
	Title = {Diluted Magnetic Semiconductors: From Nanocrystals to Room-temperature Ferromagnetism},
	Year = {2004}}

@phdthesis{Kittilstved06_Thesis,
	Author = {K. R. Kittilstved},
	School = {University of Washington},
	Title = {Ferromagnetism Above Room Temperature in Oxide Diluted Magnetic Semiconductors},
	Year = {2006}}

@phdthesis{Norberg06_Thesis,
	Author = {N. S. Norberg},
	School = {University of Washington},
	Title = {Magnetic Nanocrystals: Synthesis and Properties of Diluted Magnetic Semiconductor Quantum Dots},
	Year = {2006}}

@phdthesis{Liu07_Thesis,
	Author = {W. K. Liu},
	School = {University of Washington},
	Title = {Spectroscopic, Magnetica, and Photoelectrochemical Investigations Into Doped Oxide Semiconductors},
	Year = {2007}}

@phdthesis{Radovanovic04_Thesis,
	Author = {P. V. Radovanovic},
	School = {University of Washington},
	Title = {Synthesis, Spectroscopy and Magnetism of Diluted Magnetic Semiconductor Nanocrystals},
	Year = {2004}}
